%%%%%%%%%%%%%%%%%
% Deep Learning %
%%%%%%%%%%%%%%%%%
%% Year: 2014
@article{srivastava2014dropout,
  title={Dropout: a simple way to prevent neural networks from overfitting.},
  author={Srivastava, Nitish and Hinton, Geoffrey E and Krizhevsky, Alex and Sutskever, Ilya and Salakhutdinov, Ruslan},
  journal={Journal of machine learning research},
  volume={15},
  number={1},
  pages={1929--1958},
  year={2014}
}

%% Year: 2016
@article{zhang2016understanding,
  title={Understanding deep learning requires rethinking generalization},
  author={Zhang, Chiyuan and Bengio, Samy and Hardt, Moritz and Recht, Benjamin and Vinyals, Oriol},
  journal={arXiv preprint arXiv:1611.03530},
  year={2016}
}

%%%%%%%%%%%%%%%%%%%%%%%%%%%%%%%%%%%
% Generative Adversarial Networks %
%%%%%%%%%%%%%%%%%%%%%%%%%%%%%%%%%%%
%% Year: 2014
@inproceedings{goodfellow2014generative,
  title={Generative adversarial nets},
  author={Goodfellow, Ian and Pouget-Abadie, Jean and Mirza, Mehdi and Xu, Bing and Warde-Farley, David and Ozair, Sherjil and Courville, Aaron and Bengio, Yoshua},
  booktitle={Advances in neural information processing systems},
  pages={2672--2680},
  year={2014}
}
%% Year: 2016
@inproceedings{salimans2016improved,
  title={Improved techniques for training gans},
  author={Salimans, Tim and Goodfellow, Ian and Zaremba, Wojciech and Cheung, Vicki and Radford, Alec and Chen, Xi},
  booktitle={Advances in Neural Information Processing Systems},
  pages={2234--2242},
  year={2016}
}

%%%%%%%%%%%%%%%%%%%%%%%%
% Distributed Training %
%%%%%%%%%%%%%%%%%%%%%%%%
%% Year: 2012
@inproceedings{dean2012large,
  title={Large scale distributed deep networks},
  author={Dean, Jeffrey and Corrado, Greg and Monga, Rajat and Chen, Kai and Devin, Matthieu and Mao, Mark and Senior, Andrew and Tucker, Paul and Yang, Ke and Le, Quoc V and others},
  booktitle={Advances in neural information processing systems},
  pages={1223--1231},
  year={2012}
}

%% Year: 2017
@inproceedings{lian2017can,
  title={Can decentralized algorithms outperform centralized algorithms? a case study for decentralized parallel stochastic gradient descent},
  author={Lian, Xiangru and Zhang, Ce and Zhang, Huan and Hsieh, Cho-Jui and Zhang, Wei and Liu, Ji},
  booktitle={Advances in Neural Information Processing Systems},
  pages={5336--5346},
  year={2017}
}
@article{lin2017deep,
  title={Deep Gradient Compression: Reducing the Communication Bandwidth for Distributed Training},
  author={Lin, Yujun and Han, Song and Mao, Huizi and Wang, Yu and Dally, William J},
  journal={arXiv preprint arXiv:1712.01887},
  year={2017}
}

%%%%%%%%%%%%%%%%%$$$$
% Optimization Algs %
%%%%%%%%%%%%%%%%%$$$$
%% Year: 2016
@article{ba2016distributed,
  title={Distributed Second-Order Optimization using Kronecker-Factored Approximations},
  author={Ba, Jimmy and Grosse, Roger and Martens, James},
  year={2016}
}
%% Year: 2017
@article{such2017deep,
  title={Deep Neuroevolution: Genetic Algorithms Are a Competitive Alternative for Training Deep Neural Networks for Reinforcement Learning},
  author={Such, Felipe Petroski and Madhavan, Vashisht and Conti, Edoardo and Lehman, Joel and Stanley, Kenneth O and Clune, Jeff},
  journal={arXiv preprint arXiv:1712.06567},
  year={2017}
}

%%%%%%%%%%%%%
% Secure ML %
%%%%%%%%%%%%%
%% Year: 2015
@inproceedings{shokri2015privacy,
  title={Privacy-preserving deep learning},
  author={Shokri, Reza and Shmatikov, Vitaly},
  booktitle={Proceedings of the 22nd ACM SIGSAC conference on computer and communications security},
  pages={1310--1321},
  year={2015},
  organization={ACM}
}
%% Year: 2016
@article{konevcny2016federated,
  title={Federated learning: Strategies for improving communication efficiency},
  author={Kone{\v{c}}n{\`y}, Jakub and McMahan, H Brendan and Yu, Felix X and Richt{\'a}rik, Peter and Suresh, Ananda Theertha and Bacon, Dave},
  journal={arXiv preprint arXiv:1610.05492},
  year={2016}
}
@article{mcmahan2016communication,
  title={Communication-efficient learning of deep networks from decentralized data},
  author={McMahan, H Brendan and Moore, Eider and Ramage, Daniel and Hampson, Seth and others},
  journal={arXiv preprint arXiv:1602.05629},
  year={2016}
}
%% Year: 2017
@inproceedings{abadi2017protection,
  title={On the protection of private information in machine learning systems: Two recent approches},
  author={Abadi, Mart{\'\i}n and Erlingsson, Ulfar and Goodfellow, Ian and McMahan, H Brendan and Mironov, Ilya and Papernot, Nicolas and Talwar, Kunal and Zhang, Li},
  booktitle={Computer Security Foundations Symposium (CSF), 2017 IEEE 30th},
  pages={1--6},
  year={2017},
  organization={IEEE}
}
@article{fedus2017many,
  title={Many Paths to Equilibrium: GANs Do Not Need to Decrease aDivergence At Every Step},
  author={Fedus, William and Rosca, Mihaela and Lakshminarayanan, Balaji and Dai, Andrew M and Mohamed, Shakir and Goodfellow, Ian},
  journal={arXiv preprint arXiv:1710.08446},
  year={2017}
}

%%%%%%%%%%
% Social %
%%%%%%%%%%
@article{andrews2015beyond,
  title={Beyond self-report: tools to compare estimated and real-world smartphone use},
  author={Andrews, Sally and Ellis, David A and Shaw, Heather and Piwek, Lukasz},
  journal={PloS one},
  volume={10},
  number={10},
  pages={e0139004},
  year={2015},
  publisher={Public Library of Science}
}